@comment{references.bib file for citations of lindenmayer-system.tex file}

@comment{Reference Key:
  entry-type{concept-identifyingCharacteristic,
    author     = {Author Name},
    title      = {{Title of Document}},
    url        = {https://example-url.com},
    note       = {Accessed: dd-mm-yyy},
    annotation = {sentence 1: describe source; sentence 2: state why source used}
  }
}

@misc{example-cite,
  author     = {{Example Author}},
  title      = {{An Example Title}},
  url        = {https://example.com},
  note       = {Accessed: dd-mm-yyyy},
  annotation = {This is an example description.}
}
